<record><leader>00000cas a22000007a 4500</leader><controlfield tag="001">14091796</controlfield><controlfield tag="008">860814c19339999txuwr ne      0    0eng d</controlfield><datafield ind1=" " ind2=" " tag="010"><subfield code="a">sn 86088559 </subfield></datafield><datafield ind1=" " ind2=" " tag="040"><subfield code="a">PPM</subfield><subfield code="b">eng</subfield><subfield code="c">PPM</subfield><subfield code="d">OCLCQ</subfield></datafield><datafield ind1=" " ind2=" " tag="042"><subfield code="a">msc</subfield></datafield><datafield ind1="0" ind2="0" tag="245"><subfield code="a">Coleman County chronicle.</subfield></datafield><datafield ind1=" " ind2=" " tag="260"><subfield code="a">Coleman, Tex. :</subfield><subfield code="b">Commercial Print. Co.,</subfield><subfield code="c">1933-</subfield></datafield><datafield ind1=" " ind2=" " tag="300"><subfield code="a">v. :</subfield><subfield code="b">ill.</subfield></datafield><datafield ind1=" " ind2=" " tag="310"><subfield code="a">Weekly</subfield></datafield><datafield ind1="0" ind2=" " tag="362"><subfield code="a">Vol. 1, no. 1 (Jan. 19, 1933)-</subfield></datafield><datafield ind1=" " ind2=" " tag="580"><subfield code="a">By the publishers of: Democrat-voice &lt;1958-1986&gt;.</subfield></datafield><datafield ind1=" " ind2=" " tag="752"><subfield code="a">United States</subfield><subfield code="b">Texas</subfield><subfield code="c">Coleman</subfield><subfield code="d">Coleman.</subfield></datafield><datafield ind1="1" ind2=" " tag="775"><subfield code="t">Democrat-voice</subfield></datafield></record>